<record><leader>00000cas a22000007a 4500</leader><controlfield tag="001">15680042</controlfield><controlfield tag="008">870513d18451846pauwr ne      0    0eng d</controlfield><datafield ind1=" " ind2=" " tag="010"><subfield code="a">sn 87080231 </subfield></datafield><datafield ind1=" " ind2=" " tag="040"><subfield code="a">NPH</subfield><subfield code="b">eng</subfield><subfield code="c">NPH</subfield><subfield code="d">OCLCQ</subfield></datafield><datafield ind1=" " ind2=" " tag="042"><subfield code="a">msc</subfield></datafield><datafield ind1="0" ind2="4" tag="245"><subfield code="a">The Citizen, and Blairsville advocate.</subfield></datafield><datafield ind1=" " ind2=" " tag="260"><subfield code="a">Blairsville, Pa. :</subfield><subfield code="b">Thomas A. Maquire,</subfield><subfield code="c">1845-</subfield></datafield><datafield ind1=" " ind2=" " tag="300"><subfield code="a">v.</subfield></datafield><datafield ind1=" " ind2=" " tag="310"><subfield code="a">Weekly</subfield></datafield><datafield ind1="0" ind2=" " tag="362"><subfield code="a">Vol. 1, no. 1 (Nov. 13, 1845)-</subfield></datafield><datafield ind1="1" ind2=" " tag="362"><subfield code="a">Ceased in 1846.</subfield><subfield code="z">Cf. Rossell, G. Pa. newspapers.</subfield></datafield><datafield ind1=" " ind2=" " tag="752"><subfield code="a">United States</subfield><subfield code="b">Pennsylvania</subfield><subfield code="c">Indiana</subfield><subfield code="d">Blairsville.</subfield></datafield><datafield ind1="0" ind2="0" tag="780"><subfield code="t">Blairsville record and Indiana and Westmoreland advertiser</subfield><subfield code="w">(DLC)sn 86071037</subfield></datafield></record>